@book{Lake,
  Author = {Larry W. Lake},
  Title = {Enhanced Oil Recovery},
  Publisher = {Society of Petroleum Engineers},
  Year = {2010},
  ISBN = {1555633056}
}

 @article{Moritis,
   author =       "Moritis, Guntis",
   title =        "Special Report: EOR/Heavy Oil Survey: CO2 Miscible, Steam Dominated Enhanced Oil Recovery Processes",
   editor =       "The Oil \& Gas Journal",
   volume =       "$108$",
   issue  =       "$14$",
   month =        "4",
   year =         "2010",
   url =          "http://www.ogj.com/articles/print/volume-108/issue-14/technology/special-report-eor.html"
 }

@article{Alvarado,
  doi = {10.3390/en3091529},
  url = {http://dx.doi.org/10.3390/en3091529},
  year  = {2010},
  month = {8},
  publisher = {{MDPI} {AG}},
  volume = {3},
  number = {9},
  pages = {1529--1575},
  author = {Vladimir Alvarado and Eduardo Manrique},
  title = {Enhanced Oil Recovery: An Update Review},
  journal = {Energies}
} 

@inproceedings{Stosur2003,
  doi = {10.2118/84908-ms},
  url = {http://dx.doi.org/10.2118/84908-MS},
  year  = {2003},
  publisher = {Society of Petroleum Engineers ({SPE})},
  author = {George J. Stosur and J. Roger Hite and Norman F. Carnahan and Karl Miller},
  title = {The Alphabet Soup of {IOR},  {EOR} and {AOR}: Effective Communication Requires a Definition of Terms},
  booktitle = {{SPE} International Improved Oil Recovery Conference in Asia Pacific}
}

@article{Thomas2007,
  doi = {10.2516/ogst:2007060},
  url = {http://dx.doi.org/10.2516/ogst:2007060},
  year  = {2007},
  month = {10},
  publisher = {{EDP} Sciences},
  volume = {63},
  number = {1},
  pages = {9--19},
  author = {S. Thomas},
  title = {Enhanced Oil Recovery - An Overview},
  journal = {Oil {\&} Gas Science and Technology - Revue de l{\textquotesingle}{IFP}}
}

@book{Green,
  Author = {Don W. Green and G. Paul Willhite},
  Title = {Enhanced oil recovery (SPE textbook series) Volume 6},
  Publisher = {Henry L. Doherty Memorial Fund of AIME, Society of Petroleum Engineers},
  Year = {1998},
  ISBN = {1555630774}
 }
 
@unpublished{Farouq1997,
Author = {Farouq Ali, S. M., Jones J. A. y Meldau R. F.},
Title = {Practical Heavy Oil Recovery},
Year = {1997},
note = {Borrador, Edmonton Alberta},
url = { http://aevnmont.free.fr/SACH-BOOKS/Petrochemistry/Practical%20Heavy%20Oil%20Recovery.pdf}
}

@book{Chierici1995,
  doi = {10.1007/978-3-642-78243-5},
  url = {http://dx.doi.org/10.1007/978-3-642-78243-5},
  year  = {1995},
  publisher = {Springer Science $+$ Business Media},
  author = {Gian Luigi Chierici},
  title = {Principles of Petroleum Reservoir Engineering}
}

@article{Ali1996,
  doi = {10.2118/96-07-07},
  url = {http://dx.doi.org/10.2118/96-07-07},
  year  = {1996},
  month = {7},
  publisher = {Society of Petroleum Engineers ({SPE})},
  volume = {35},
  number = {07},
  author = {S.M. Farouq Ali and S. Thomas},
  title = {The Promise And Problems of Enhanced Oil Recovery Methods},
  journal = {Journal of Canadian Petroleum Technology}
}

@book{Sheng2010,
  Author = {James Sheng},
  Title = {Modern Chemical Enhanced Oil Recovery: Theory and Practice},
  Publisher = {Gulf Professional Publishing},
  Year = {2010},
  ISBN = {1856177459}
  }

@book{CNH,
 Editor = {Comisión Nacional de Hidrocarburos, CNH},
 Title = {El Futuro de la Producción de Aceite en México: Recuperación Avanzada y Mejorada IOR-EOR},
 Publisher = {CNH: Comisión Nacional de Hidrocarburos},
 note = {Documento técnico de trabajo},
 Year = {2012},
 URL = {http://www.gob.mx/cms/uploads/attachment/file/149844/IOR_EOR_published.pdf}
}

@article{Austad1998,
  doi = {10.1016/s0927-7757(97)00378-6},
  url = {http://dx.doi.org/10.1016/S0927-7757(97)00378-6},
  year  = {1998},
  month = {6},
  publisher = {Elsevier {BV}},
  volume = {137},
  number = {1-3},
  pages = {117--129},
  author = {T. Austad and B. Matre and J. Milter and A. Savareid and L. Oyno},
  title = {Chemical flooding of oil reservoirs 8. Spontaneous oil expulsion from oil- and water-wet low permeable chalk material by imbibition of aqueous surfactant solutions},
  journal = {Colloids and Surfaces A: Physicochemical and Engineering Aspects}
}

@article{Hirasaki2004,
  doi = {10.2118/88365-pa},
  url = {http://dx.doi.org/10.2118/88365-PA},
  year  = {2004},
  month = {6},
  publisher = {Society of Petroleum Engineers ({SPE})},
  volume = {9},
  number = {02},
  pages = {151--162},
  author = {George Hirasaki and Danhua Leslie Zhang},
  title = {Surface Chemistry of Oil Recovery From Fractured,  Oil-Wet,  Carbonate Formations},
  journal = {{SPE} Journal}
}

@article{Standnes2000,
  doi = {10.1016/s0920-4105(00)00084-x},
  url = {http://dx.doi.org/10.1016/S0920-4105(00)00084-X},
  year  = {2000},
  month = {11},
  publisher = {Elsevier {BV}},
  volume = {28},
  number = {3},
  pages = {123--143},
  author = {Dag C Standnes and Tor Austad},
  title = {Wettability alteration in chalk},
  journal = {Journal of Petroleum Science and Engineering}
}

@inproceedings{Sullivan2006,
    doi = {10.2118/98338-ms},
    url = {http://dx.doi.org/10.2118/98338-MS},
    year  = {2006},
    publisher = {Society of Petroleum Engineers ({SPE})},
    author = {Philip F. Sullivan and Bala R. Gadiyar and Raul Hugo Morales and Robert Andrew Holicek and Danny Curtis Sorrells and Jesse Lee and Dan Dean Fischer},
    title = {Optimization of a Visco-Elastic Surfactant ({VES}) Fracturing Fluid for Application in High-Permeability Formations},
    booktitle = {{SPE} International Symposium and Exhibition on Formation Damage Control}
}

@inproceedings{Lakatos2007,
    doi = {10.2118/106005-ms},
    url = {http://dx.doi.org/10.2118/106005-MS},
    year  = {2007},
    publisher = {Society of Petroleum Engineers ({SPE})},
    author = {Istvan Janos Lakatos and Janos Toth and Tibor Bodi and Julianna Lakatos-Szabo and Paul Daniel Berger and Christie H. Lee},
    title = {Application of Viscoelastic Surfactants as Mobility-Control Agents in Low-Tension Surfactant Floods},
    booktitle = {International Symposium on Oilfield Chemistry}
}

@inproceedings{LaastreBuelvas2012,
    doi = {10.2118/151836-ms},
    url = {http://dx.doi.org/10.2118/151836-MS},
    year  = {2012},
    publisher = {Society of Petroleum Engineers ({SPE})},
    author = {Manue Jose Laastre Buelvas and Arthur William Milne},
    title = {A Solids-Free Permeability Modifier for Application in Producing and Injection Wells},
    booktitle = {{SPE} International Symposium and Exhibition on Formation Damage Control}
}

@article{LopezDiaz2010,
    doi = {10.1021/jp102108y},
    url = {http://dx.doi.org/10.1021/jp102108y},
    year  = {2010},
    month = {7},
    publisher = {American Chemical Society ({ACS})},
    volume = {114},
    number = {27},
    pages = {8917--8925},
    author = {David Lopez-Diaz and Rolando Castillo},
    title = {The Wormlike Micellar Solution made of a Zwitterionic Surfactant ({TDPS}),  an Anionic Surfactant ({SDS}),  and Brine in the Semidilute Regime},
    journal = {The Journal of Physical Chemistry B}
}


@article{Iglauer2010,
  doi = {10.1016/j.petrol.2009.12.009},
  url = {http://dx.doi.org/10.1016/j.petrol.2009.12.009},
  year  = {2010},
  month = {3},
  publisher = {Elsevier {BV}},
  volume = {71},
  number = {1-2},
  pages = {23--29},
  author = {Stefan Iglauer and Yongfu Wu and Patrick Shuler and Yongchun Tang and William A. Goddard},
  title = {New surfactant classes for enhanced oil recovery and their tertiary oil recovery potential},
  journal = {Journal of Petroleum Science and Engineering}
}

@article{Snchez2014,
  doi = {10.1021/jp505259t},
  url = {http://dx.doi.org/10.1021/jp505259t},
  year  = {2014},
  month = {8},
  publisher = {American Chemical Society ({ACS})},
  volume = {118},
  number = {33},
  pages = {19180--19187},
  author = {Ver{\'{o}}nica M. S{\'{a}}nchez and Caetano R. Miranda},
  title = {Modeling Acid Oil Component Interactions with Carbonate Reservoirs: A First-Principles View on Low Salinity Recovery Mechanisms},
  journal = {J. Phys. Chem. C}
}

@article{LpezChvez2012,
  doi = {10.1021/je300687s},
  url = {http://dx.doi.org/10.1021/je300687s},
  year  = {2012},
  month = {12},
  publisher = {American Chemical Society ({ACS})},
  volume = {57},
  number = {12},
  pages = {3538--3542},
  author = {Ernesto López-Chávez and Alberto García-Quiroz and Rodrigo Muñoz-Vega and Jorge I. Benítez-Puebla and Luis S. Zamudio-Rivera and José-Manuel Martínez-Magadán and Eduardo Buenrostro-González and Raúl Hernández-Altamirano},
  title = {Density Functional Theoretical Study of the Interaction of Geminal Zwitterionic Liquids with Limestone,  Regarding the Behavior of the Wettability Parameter},
  journal = {Journal of Chemical {\&} Engineering Data}
}

@misc{altamirano2013,
  title={Gemini surfactants, process of manufacture and use as multifunctional corrosion inhibitors},
  author={Altamirano, R.H. and Cervantes, V.Y.M. and Rivera, L.S.Z. and Conde, H.I.B. and Ramirez, S.L.},
  url={https://www.google.com/patents/US8518868},
  year={2013},
  month={8},
  publisher={Google Patents},
  note={US Patent 8,518,868}
}

@article{AlczarVara2015,
  doi = {10.1021/ie504837h},
  url = {http://dx.doi.org/10.1021/ie504837h},
  year  = {2015},
  month = {3},
  publisher = {American Chemical Society ({ACS})},
  volume = {54},
  number = {11},
  pages = {2868--2878},
  author = {L.A. Alcázar-Vara and L.S. Zamudio-Rivera and E. Buenrostro-González and R. Hernández-Altamirano and V. Y. Mena-Cervantes and J. F. Ramírez-Pérez},
  title = {Multifunctional Properties of Zwitterionic Liquids. Application in Enhanced Oil Recovery and Asphaltene Aggregation Phenomena},
  journal = {Industrial {\&} Engineering Chemistry Research}
 }

@inproceedings{Lopez2014,
    doi = {10.2118/168165-ms},
    url = {http://dx.doi.org/10.2118/168165-MS},
    year  = {2014},
    publisher = {Society of Petroleum Engineers ({SPE})},
    author = {J. Lopez and A. Marti{\-}nez Ballesteros and R. Miranda and C. Garcia and C. Deolarte and B. Vidick and R. Giron Rojas and A. Millan and J.G. Rivas and A. Lopez and E. Miquilena},
    title = {Engineered Approach to Isolate Intervals Invaded by Water or Gas in Naturally Fractured Carbonate Formations},
    booktitle = {{SPE} International Symposium and Exhibition on Formation Damage Control}
}
@article{Bailey2000,
    url = {https://www.slb.com/~/media/Files/resources/oilfield_review/ors00/spr00/p30_51.pdf},
    year  = {2000},
    publisher = {Schlumberger},
    author = {B. Bailey and M. Crabtree and J. Tyrie},
    title = {Water Control},
    journal ={Oilfield Review},
    volume = {12},
    issue = {1}
}
@inproceedings{Hibbeler2005,
    doi = {10.2118/96582-ms},
    url = {http://dx.doi.org/10.2118/96582-MS},
    year  = {2005},
    publisher = {Society of Petroleum Engineers ({SPE})},
    author = {Jeffrey Carl Hibbeler and Philip James Rae},
    title = {The Environmental Benefits of Reducing Unwanted Water Production},
    booktitle = {{SPE} Asia Pacific Health,  Safety and Environment Conference and Exhibition}
}

@article{ElKarsani2015,
    doi = {10.2118/173185-pa},
    url = {http://dx.doi.org/10.2118/173185-PA},
    year  = {2015},
    month = {10},
    publisher = {Society of Petroleum Engineers ({SPE})},
    volume = {20},
    number = {05},
    pages = {1103--1112},
    author = {Khalid S. M. El-Karsani and Ghaithan A. Al-Muntasheri and Abdullah S Sultan and Ibnelwaleed A. Hussein},
    title = {Gelation of a Water-Shutoff Gel at High Pressure and High Temperature: Rheological Investigation},
    journal = {{SPE} Journal}
}


@article{Winsor:part1,
	author  = {P.A. Winsor },
	title   = {Hydrotropy, solubilisation and related emulsification processes. Part I.},
	journal = {Trans. Faraday Soc.},
	pages   = {$376$ - $398$},
	volume  = {44},    
    year    = {1948},
    doi     = {10.1039/TF9484400376}
}

@inproceedings{Guillot2016,
  url = {http://dx.doi.org/10.2118/178937-MS},
  year  = {2016},
  publisher = {Society of Petroleum Engineers ({SPE})},
  author = {Guillermo Guillot and Yuri De Antu{\~{n}}ano and Romel Cuadras and A. Milne and E. Miquilena and M. Losada and Nestor Molero and L. Mujica and J. Vazquez and J. Santini},
  title = {Selectively Stimulating Oil Production in Mature Naturally Fractured Carbonate Reservoirs},
  booktitle = {{SPE} International Conference and Exhibition on Formation Damage Control}
}

@book{Dictionary:chem,
  Author = {John Daintith},
  Title = {The Facts on File Dictionary of Organic Chemistry (Facts on File Science Dictionary)},
  Publisher = {Facts on File},
  Year = {2004},
  ISBN = {0816049289},
}

@book{Lenhinger:chem,
  Author = {David L. Nelson and Michael M. Cox},
  Title = {Lehninger Principles of Biochemistry, Fourth Edition},
  Publisher = {W. H. Freeman},
  Year = {2004},
  ISBN = {0716743396},
}
@book{ShortText,
  Author = {B. Straumanis, M.E. Jirgensons},
  Title = {A Short Textbook of Colloid Chemistry},
  Publisher = {Pergamon Press},
  Year = {1962},
  ISBN = {0080096018}
}

@book{Staudinger,
  Author = {H. Staudinger},
  Title = {Organische Kolloidchemie, 3rd ed.},
  Publisher = {Vieweg, Braunschweig},
  Year = {1950},
  }

@article{Ostwald,
 Author = {Wo. Ostwald},
 Title = {Grundriss der Kolloidchemie},
 Journal = {Kolloid-Ztschr},
 volume ={6},
 pages = {$183$ - $185$},
 year = {1910}
 }
 
 @book{Weimarn,
   Author ={P.P. von Weimarn},
   Title = {Grundzüge der Dispersoidchemie},
   Publisher = {Steinkopff, Dresden},
   Year = {1911},
   URL = {http://nbn-resolving.de/urn:nbn:de:hbz:061:2-21306}
   }


@book{Drew,
  Author = {Drew Myers},
  Title = {Surfaces, Interfaces, and Colloids: Principles and Applications, 2nd Edition},
  Publisher = {Wiley-VCH},
  Year = {1999},
  ISBN = {0471330604}
}

@book{Handbook,
  Editor = {K.S. Bird},
  Title = {Handbook of Surface and Colloid Chemistry, Third Edition},
  Publisher = {CRC Press},
  Year = {2008},
  ISBN = {978-0-8493-7327-5}
  }
  
  @book{Cosgrove,
  Editor = {Terence Cosgrove},
  Title = {Colloid Science: Principles, Methods and Applications},
  Publisher = {Wiley-Blackwell},
  Year = {2010},
  ISBN = {978-1-4443-2019-0}
}

@book{Duncan,
  Author = {Duncan Shaw},
  Title = {Introduction to Colloid and Surface Chemistry, Fourth Edition (Colloid \& Surface Engineering S)},
  Publisher = {Butterworth-Heinemann},
  Year = {1992},
  ISBN = {0750611820}
}

@book{ColloidSurface,
  Author = {Paul C. Hiemenz and Raj Rajagopalan},
  Title = {Principles of Colloid and Surface Chemistry, Third Edition, Revised and Expanded (Undergraduate Chemistry: A Series of Textbooks)},
  Publisher = {CRC Press},
  Year = {1997},
  ISBN = {0824793978}
  }
@book{Pashley,
  Author = {Richard Pashley and Marilyn Karaman},
  Title = {Applied Colloid and Surface Chemistry},
  Publisher = {Wiley},
  Year = {2004},
  ISBN = {0470868821}
  }  

@book{Goodwin,
  Author = {James Goodwin},
  Title = {Colloids and Interfaces with Surfactants and Polymers},
  Publisher = {Wiley},
  Year = {2009},
  ISBN = {0470518804}
}
  
  @book{Freundlich,
  Author = {H. M. F. Freundlich},
  Title = {Colloid and Capillary Chemistry},
  Publisher = {Methuen and Co. Ltd},
  Year = {1926}
  %ISBN = {3527319913}
}
  
  @book{Kruyt,
  Author = {H. R. Kruyt},
  Title = {Colloid science.},
  Publisher = {Elsevier Pu. Co.},
  Year = {1952}
  %ISBN = {3527319913}
} 
  
  @book{Tharwat,
  Author = {Tharwat F. Tadros},
  Title = {Emulsion Formation and Stability},
  Publisher = {Wiley-VCH},
  Year = {2013},
  ISBN = {3527319913}
}

@article{McBain,
    doi = {10.1107/s0365110x48000727},
    url = {http://dx.doi.org/10.1107/S0365110X48000727},
    year  = {1948},
    month = {11},
    publisher = {International Union of Crystallography ({IUCr})},
    volume = {1},
    number = {5},
    pages = {270--272},
    author = {J. W. McBain and S. S. Marsden},
    title = {The structural types of aqueous systems of surface-active substances and their X-ray diffraction characteristics},
    journal = {Acta Crystallogr}
}

@inproceedings{Seright2001,
    doi = {10.2118/70067-ms},
    url = {http://dx.doi.org/10.2118/70067-MS},
    year  = {2001},
    publisher = {Society of Petroleum Engineers ({SPE})},
    author = {R.S. Seright and R.H. Lane and R.D. Sydansk},
    title = {A Strategy for Attacking Excess Water Production},
    booktitle = {{SPE} Permian Basin Oil and Gas Recovery Conference}
}

@inproceedings{Hill2012,
    doi = {10.2118/154720-ms},
    url = {http://dx.doi.org/10.2118/154720-MS},
    year  = {2012},
    publisher = {Society of Petroleum Engineers ({SPE})},
    author = {Freeman Lee Hill and Steve Monroe and Reshmy Mohanan},
    title = {Water Management-An Increasing Trend in the Oil and Gas Industry},
    booktitle = {{SPE}/{EAGE} European Unconventional Resources Conference and Exhibition}
}

@book{StandardHandbook,
    title =     {Standard Handbook of Petroleum and Natural Gas Engineering, Third Edition},
    author =    {M.D. Lorenz and W.C. Lyons and G.J. Pilsga },
    publisher = {Gulf Professional Publishing},
    isbn =      {978-0-12-383846-9},
    year =      {2016},
    series =    {},
    edition =   {3rd ed},
    volume =    {},
    url =       {http://gen.lib.rus.ec/book/index.php?md5=534C4B911EA164E1C8E7D071FC8834AE}}

@book{Tarek,
    Author = {Ahmed Tarek},
    Title = {Reservoir Engineering Handbook},
    Publisher = {Gulf Professional Publishing},
    Year = {2010},
    ISBN = {978-1-85617-803-7},
    URL = {https://www.amazon.com/Reservoir-Engineering-Handbook-Tarek-Ahmed-ebook/dp/B004Q9TXC2%3FSubscriptionId%3D0JYN1NVW651KCA56C102%26tag%3Dtechkie-20%26linkCode%3Dxm2%26camp%3D2025%26creative%3D165953%26creativeASIN%3DB004Q9TXC2}
}

@online{Water1,
    author = {Society of Petroleum Engineers, ({SPE})},
    title = {Produced Oilfield Water},
    year = {2016},
    url = {http://petrowiki.org/Produced_oilfield_water},
    urldate = {2017-01-19}
}

@book{Dandekar,
    Author = {Abhijit Y. Dandekar},
    Title = {Petroleum Reservoir Rock and Fluid Properties, Second Edition},
    Publisher = {CRC Press},
    Year = {2013},
    ISBN = {978-1-4398-7645-9},
    URL = {https://www.amazon.com/Petroleum-Reservoir-Fluid-Properties-Second-ebook/dp/B00BC9MVDM%3FSubscriptionId%3D0JYN1NVW651KCA56C102%26tag%3Dtechkie-20%26linkCode%3Dxm2%26camp%3D2025%26creative%3D165953%26creativeASIN%3DB00BC9MVDM}
}

@book{Tissot,
    Author = {B. P. Tissot and D.H. Welte},
    Title = {Petroleum Formation and Occurence},
    Publisher = {Springer-Verlag Telos},
    Year = {1984},
    ISBN = {0387132813},
    URL = {https://www.amazon.com/Petroleum-Formation-Occurence-B-Tissot/dp/0387132813%3FSubscriptionId%3D0JYN1NVW651KCA56C102%26tag%3Dtechkie-20%26linkCode%3Dxm2%26camp%3D2025%26creative%3D165953%26creativeASIN%3D0387132813}
}

@book{Amix,
    Author = {James W. Amyx and Daniel M. Bass and Robert L. Whiting},
    Title = {Petroleum Reservoir Engineering: Physical Properties},
    Publisher = {McGraw-Hill Book Company, Inc.},
    Year = {1960},
    ISBN = {0070016003},
    URL = {https://www.amazon.com/Petroleum-Reservoir-Engineering-Physical-Properties/dp/0070016003%3FSubscriptionId%3D0JYN1NVW651KCA56C102%26tag%3Dtechkie-20%26linkCode%3Dxm2%26camp%3D2025%26creative%3D165953%26creativeASIN%3D0070016003}
}

@article{Leverett,
    doi = {10.2118/941152-g},
    url = {https://doi.org/10.2118%2F941152-g},
    year  = {1941},
    month = {12},
    publisher = {Society of Petroleum Engineers ({SPE})},
    volume = {142},
    number = {01},
    pages = {152--169},
    author = {M.C. Leverett},
    title = {Capillary Behavior in Porous Solids},
    journal = {Transactions of the {AIME}}
}

@online{SLB:2011,
    author = {Schlumberger},
    title = {Caso de Estudio: El Sistema de Control de la Producción de Agua WaterSEEKER Incrementa la Producción de Petróleo un 244 \% y Reduce el Corte de Agua un 65\% },
    year = {2011},
    url = {http://www.slb.com/resources/case_studies/stimulation/waterseeker_so_mex_cs_esp.aspx}
}

@online{SLB:2014,
    author = {Schlumberger},
    title = {TechnicalPaper: Isolation of Water Produciong Interval in an Horizontal Well Completed with Multistage Fracturing System Usin Two Inflatable Bridge. },
    year = {2014},
    url = {http://www.slb.com/resources/technical_papers/coiled_tubing/168288.aspx}
}

@article{Berry2015,
    doi = {10.1016/j.jcis.2015.05.012},
    url = {https://doi.org/10.1016/j.jcis.2015.05.012},
    year  = {2015},
    month = {9},
    publisher = {Elsevier {BV}},
    volume = {454},
    pages = {226--237},
    author = {Joseph D. Berry and Michael J. Neeson and Raymond R. Dagastine and Derek Y.C. Chan and Rico F. Tabor},
    title = {Measurement of surface and interfacial tension using pendant drop tensiometry},
    journal = {Journal of Colloid and Interface Science}
}

@book{Drelich2002,
    Author = {J. Drelich and C. Fang and C.L. White},
    Title = {Encyclopedia of Surface and Colloid Science, Third Edition - Ten Volume Set (Print Version)},
    Publisher = {CRC Press},
    Pages ={3158-3163},
    Year = {2015},
    ISBN = {1466590459},
}

@incollection{Nishinari2009,
    doi = {10.1007/978-3-642-00865-8_12},
    url = {https://doi.org/10.1007/978-3-642-00865-8_12},
    year  = {2009},
    publisher = {Springer Berlin Heidelberg},
    pages = {87--94},
    author = {Katsuyoshi Nishinari},
    title = {Some Thoughts on The Definition of a Gel},
    booktitle = {Gels: Structures,  Properties,  and Functions}
}


@incollection{IUPAC2,
    doi = {10.1039/9781847559425-00003},
    url = {https://doi.org/10.1039/9781847559425-00003},
    publisher = {Royal Society of Chemistry},
    pages = {3--21},
    editor = {Richard G. Jones and Jaroslav Kahovec and Robert Stepto and Edward S. Wilks and Michael Hess and Tatsuki Kitayama and W. Val Metanomski},
    title = {1: Glossary of Basic Terms in Polymer Science (1996)},
    booktitle = {Compendium of Polymer Terminology and Nomenclature}
}

@incollection{Clark,
    doi = {10.1007/bfb0023332},
    url = {https://doi.org/10.1007/bfb0023332},
    year = {1987},
    publisher = {Springer-Verlag},
    pages = {57--192},
    author = {Allan H. Clark and Simon B. Ross-Murphy},
    title = {Structural and mechanical properties of biopolymer gels},
    booktitle = {Biopolymers}
}

@article{Almdal1993,
    doi = {10.1016/0966-7822(93)90020-i},
    url = {https://doi.org/10.1016/0966-7822(93)90020-i},
    year  = {1993},
    month = {1},
    publisher = {Elsevier {BV}},
    volume = {1},
    number = {1},
    pages = {5--17},
    author = {K. Almdal and J. Dyre and S. Hvidt and O. Kramer},
    title = {Towards a phenomenological definition of the term `gel'},
    journal = {Polymer Gels and Networks}
}
